%YAML 1.1
%TAG !u! tag:unity3d.com,2011:
--- !u!1001 &1234148905318938124
PrefabInstance:
  m_ObjectHideFlags: 0
  serializedVersion: 2
  m_Modification:
    serializedVersion: 3
    m_TransformParent: {fileID: 0}
    m_Modifications:
    - target: {fileID: 257806087427382008, guid: 67012f5d9f4297249a08c40a225f4766, type: 3}
      propertyPath: DeathEvent.m_PersistentCalls.m_Calls.Array.size
      value: 1
      objectReference: {fileID: 0}
    - target: {fileID: 257806087427382008, guid: 67012f5d9f4297249a08c40a225f4766, type: 3}
      propertyPath: DeathEvent.m_PersistentCalls.m_Calls.Array.data[0].m_Mode
      value: 1
      objectReference: {fileID: 0}
    - target: {fileID: 257806087427382008, guid: 67012f5d9f4297249a08c40a225f4766, type: 3}
      propertyPath: DeathEvent.m_PersistentCalls.m_Calls.Array.data[0].m_Target
      value: 
      objectReference: {fileID: 3402855796291642021}
    - target: {fileID: 257806087427382008, guid: 67012f5d9f4297249a08c40a225f4766, type: 3}
      propertyPath: DeathEvent.m_PersistentCalls.m_Calls.Array.data[0].m_CallState
      value: 2
      objectReference: {fileID: 0}
    - target: {fileID: 257806087427382008, guid: 67012f5d9f4297249a08c40a225f4766, type: 3}
      propertyPath: DeathEvent.m_PersistentCalls.m_Calls.Array.data[0].m_MethodName
      value: DestoyGameobject
      objectReference: {fileID: 0}
    - target: {fileID: 257806087427382008, guid: 67012f5d9f4297249a08c40a225f4766, type: 3}
      propertyPath: DeathEvent.m_PersistentCalls.m_Calls.Array.data[0].m_TargetAssemblyTypeName
      value: DestroyEvent, Assembly-CSharp
      objectReference: {fileID: 0}
    - target: {fileID: 257806087427382008, guid: 67012f5d9f4297249a08c40a225f4766, type: 3}
      propertyPath: DeathEvent.m_PersistentCalls.m_Calls.Array.data[0].m_Arguments.m_ObjectArgumentAssemblyTypeName
      value: UnityEngine.Object, UnityEngine
      objectReference: {fileID: 0}
    - target: {fileID: 809131091655245609, guid: 67012f5d9f4297249a08c40a225f4766, type: 3}
      propertyPath: m_Name
      value: ChargerEnemy
      objectReference: {fileID: 0}
    - target: {fileID: 1730866843452121952, guid: 67012f5d9f4297249a08c40a225f4766, type: 3}
      propertyPath: m_Size.x
      value: 1.26
      objectReference: {fileID: 0}
    - target: {fileID: 1730866843452121952, guid: 67012f5d9f4297249a08c40a225f4766, type: 3}
      propertyPath: m_Size.y
      value: 1.45
      objectReference: {fileID: 0}
    - target: {fileID: 1730866843452121952, guid: 67012f5d9f4297249a08c40a225f4766, type: 3}
      propertyPath: m_Sprite
      value: 
      objectReference: {fileID: 21300000, guid: 98669ea49f47bbb4d80419a7cbbaafc8, type: 3}
    - target: {fileID: 1730866843452121952, guid: 67012f5d9f4297249a08c40a225f4766, type: 3}
      propertyPath: m_WasSpriteAssigned
      value: 0
      objectReference: {fileID: 0}
    - target: {fileID: 7105534263938065605, guid: 67012f5d9f4297249a08c40a225f4766, type: 3}
      propertyPath: currentState
      value: 
      objectReference: {fileID: 2676218199763369472}
    - target: {fileID: 7105534263938065605, guid: 67012f5d9f4297249a08c40a225f4766, type: 3}
      propertyPath: <stateList>k__BackingField.Array.size
      value: 1
      objectReference: {fileID: 0}
    - target: {fileID: 7105534263938065605, guid: 67012f5d9f4297249a08c40a225f4766, type: 3}
      propertyPath: <stateList>k__BackingField.Array.data[0]
      value: 
      objectReference: {fileID: 2676218199763369472}
    - target: {fileID: 8021317428746311858, guid: 67012f5d9f4297249a08c40a225f4766, type: 3}
      propertyPath: m_RootOrder
      value: 14
      objectReference: {fileID: 0}
    - target: {fileID: 8021317428746311858, guid: 67012f5d9f4297249a08c40a225f4766, type: 3}
      propertyPath: m_LocalPosition.x
      value: 6.2920003
      objectReference: {fileID: 0}
    - target: {fileID: 8021317428746311858, guid: 67012f5d9f4297249a08c40a225f4766, type: 3}
      propertyPath: m_LocalPosition.y
      value: -2.9390001
      objectReference: {fileID: 0}
    - target: {fileID: 8021317428746311858, guid: 67012f5d9f4297249a08c40a225f4766, type: 3}
      propertyPath: m_LocalPosition.z
      value: -10.1310625
      objectReference: {fileID: 0}
    - target: {fileID: 8021317428746311858, guid: 67012f5d9f4297249a08c40a225f4766, type: 3}
      propertyPath: m_LocalRotation.w
      value: 1
      objectReference: {fileID: 0}
    - target: {fileID: 8021317428746311858, guid: 67012f5d9f4297249a08c40a225f4766, type: 3}
      propertyPath: m_LocalRotation.x
      value: 0
      objectReference: {fileID: 0}
    - target: {fileID: 8021317428746311858, guid: 67012f5d9f4297249a08c40a225f4766, type: 3}
      propertyPath: m_LocalRotation.y
      value: 0
      objectReference: {fileID: 0}
    - target: {fileID: 8021317428746311858, guid: 67012f5d9f4297249a08c40a225f4766, type: 3}
      propertyPath: m_LocalRotation.z
      value: 0
      objectReference: {fileID: 0}
    - target: {fileID: 8021317428746311858, guid: 67012f5d9f4297249a08c40a225f4766, type: 3}
      propertyPath: m_LocalEulerAnglesHint.x
      value: 0
      objectReference: {fileID: 0}
    - target: {fileID: 8021317428746311858, guid: 67012f5d9f4297249a08c40a225f4766, type: 3}
      propertyPath: m_LocalEulerAnglesHint.y
      value: 0
      objectReference: {fileID: 0}
    - target: {fileID: 8021317428746311858, guid: 67012f5d9f4297249a08c40a225f4766, type: 3}
      propertyPath: m_LocalEulerAnglesHint.z
      value: 0
      objectReference: {fileID: 0}
    m_RemovedComponents: []
    m_RemovedGameObjects: []
    m_AddedGameObjects: []
    m_AddedComponents:
    - targetCorrespondingSourceObject: {fileID: 809131091655245609, guid: 67012f5d9f4297249a08c40a225f4766, type: 3}
      insertIndex: -1
      addedObject: {fileID: 2676218199763369472}
    - targetCorrespondingSourceObject: {fileID: 809131091655245609, guid: 67012f5d9f4297249a08c40a225f4766, type: 3}
      insertIndex: -1
      addedObject: {fileID: 5206284441250078372}
    - targetCorrespondingSourceObject: {fileID: 809131091655245609, guid: 67012f5d9f4297249a08c40a225f4766, type: 3}
      insertIndex: -1
      addedObject: {fileID: 3402855796291642021}
  m_SourcePrefab: {fileID: 100100000, guid: 67012f5d9f4297249a08c40a225f4766, type: 3}
--- !u!1 &1880832919013771557 stripped
GameObject:
  m_CorrespondingSourceObject: {fileID: 809131091655245609, guid: 67012f5d9f4297249a08c40a225f4766, type: 3}
  m_PrefabInstance: {fileID: 1234148905318938124}
  m_PrefabAsset: {fileID: 0}
--- !u!114 &2676218199763369472
MonoBehaviour:
  m_ObjectHideFlags: 0
  m_CorrespondingSourceObject: {fileID: 0}
  m_PrefabInstance: {fileID: 0}
  m_PrefabAsset: {fileID: 0}
  m_GameObject: {fileID: 1880832919013771557}
  m_Enabled: 1
  m_EditorHideFlags: 0
  m_Script: {fileID: 11500000, guid: 226d7210a8af81b4b9e0cdd0168d6635, type: 3}
  m_Name: 
  m_EditorClassIdentifier: 
  stateManager: {fileID: 0}
  damage: 1
  TrackPlayer: 1
  speed: 10
--- !u!50 &5206284441250078372
Rigidbody2D:
  serializedVersion: 4
  m_ObjectHideFlags: 0
  m_CorrespondingSourceObject: {fileID: 0}
  m_PrefabInstance: {fileID: 0}
  m_PrefabAsset: {fileID: 0}
  m_GameObject: {fileID: 1880832919013771557}
  m_BodyType: 0
  m_Simulated: 1
  m_UseFullKinematicContacts: 0
  m_UseAutoMass: 0
  m_Mass: 1
  m_LinearDrag: 0
  m_AngularDrag: 0.05
  m_GravityScale: 0
  m_Material: {fileID: 0}
  m_IncludeLayers:
    serializedVersion: 2
    m_Bits: 0
  m_ExcludeLayers:
    serializedVersion: 2
    m_Bits: 0
  m_Interpolate: 0
  m_SleepingMode: 1
  m_CollisionDetection: 0
  m_Constraints: 0
--- !u!114 &3402855796291642021
MonoBehaviour:
  m_ObjectHideFlags: 0
  m_CorrespondingSourceObject: {fileID: 0}
  m_PrefabInstance: {fileID: 0}
  m_PrefabAsset: {fileID: 0}
  m_GameObject: {fileID: 1880832919013771557}
  m_Enabled: 1
  m_EditorHideFlags: 0
  m_Script: {fileID: 11500000, guid: ea617b2e561466f47ae5ef15a13f8fd7, type: 3}
  m_Name: 
  m_EditorClassIdentifier: 
